%
% References for thesis
%
% -------------------------------------------------------------------------------

@misc{fig2012,
 author = "Wikipedia",
 title = "2012-13 North American drought",
 year = "2013",
 url = "http://en.wikipedia.org/wiki/File:Current-USDM.gif",
 note = "[Online; accessed 05-Oct-2013]"
}

@misc{fig2010,
 author = "Wikipedia",
 title = "2010 Northern Hemisphere summer",
 year = "2013",
 url = "http://en.wikipedia.org/wiki/File:NOAA_Temperature_anomalies_June_2010.gif",
 note = "[Online; accessed 05-Oct-2013]"
}

@misc{fig2003,
 author = "Wikipedia",
 title = "2003 European heat wave",
 year = "2013",
 url = "http://en.wikipedia.org/wiki/File:Canicule_Europe_2003.jpg",
 note = "[Online; accessed 05-Oct-2013]"
}

% -------------------------------------------------------------------------------

@article{koster01,
  title={Soil moisture memory in climate models},
  author={Koster, Randal D and Suarez, Max J},
  journal={Journal of Hydrometeorology},
  volume={2},
  number={6},
  pages={558--570},
  year={2001}
}

@article{koster04,
  title={Regions of strong coupling between soil moisture and precipitation},
  author={Koster, Randal D and Dirmeyer, Paul A and Guo, Zhichang and Bonan, Gordon and Chan, Edmond and Cox, Peter and Gordon, CT and Kanae, Shinjiro and Kowalczyk, Eva and Lawrence, David and others},
  journal={Science},
  volume={305},
  number={5687},
  pages={1138--1140},
  year={2004},
  publisher={Amercan Association for the Advancement of Science}
}

@article{koster09_lsm,
  title={On the nature of soil moisture in land surface models},
  author={Koster, Randal D and Guo, Zhichang and Yang, Rongqian and Dirmeyer, Paul A and Mitchell, Kenneth and Puma, Michael J},
  journal={Journal of Climate},
  volume={22},
  number={16},
  pages={4322--4335},
  year={2009}
}

@article{koster09_droughts,
  title={Analyzing the concurrence of meteorological droughts and warm periods, with implications for the determination of evaporative regime},
  author={Koster, RD and Schubert, SD and Suarez, MJ},
  journal={Journal of Climate},
  volume={22},
  number={12},
  pages={3331--3341},
  year={2009}
}

@article{sene06_coupling,
  title={Land--atmosphere coupling and climate change in Europe},
  author={Seneviratne, S.I. and L{\"u}thi, D. and Litschi, M. and Sch{\"a}r, C.},
  journal={Nature},
  volume={443},
  number={7108},
  pages={205--209},
  year={2006},
  publisher={Nature Publishing Group}
}

@article{sene06_memory,
  title={Soil moisture memory in AGCM simulations: analysis of global land-atmosphere coupling experiment (GLACE) data},
  author={Seneviratne, S.I. and Koster, R.D. and Guo, Z. and Dirmeyer, P.A. and Kowalczyk, E. and Lawrence, D. and Liu, P. and Mocko, D. and Lu, C.H. and Oleson, K.W. and others},
  journal={Journal of Hydrometeorology},
  volume={7},
  number={5},
  pages={1090--1112},
  year={2006}
}

@article{sene10,
  title={Investigating soil moisture--climate interactions in a changing climate: A review},
  author={Seneviratne, S.I. and Corti, T. and Davin, E.L. and Hirschi, M. and Jaeger, E.B. and Lehner, I. and Orlowsky, B. and Teuling, A.J.},
  journal={Earth-Science Reviews},
  volume={99},
  number={3},
  pages={125--161},
  year={2010},
  publisher={Elsevier}
}

@article{teuling09,
  title={A regional perspective on trends in continental evaporation},
  author={Teuling, AJ and Hirschi, M and Ohmura, A and Wild, M and Reichstein, M and Ciais, P and Buchmann, N and Ammann, C and Montagnani, L and Richardson, AD and others},
  journal={Geophysical Research Letters},
  volume={36},
  number={2},
  year={2009},
  publisher={Wiley Online Library}
}

@article{vanderent10,
  title={Origin and fate of atmospheric moisture over continents},
  author={van der Ent, Rudi J. and Savenije, Hubert H. G. and Schaefli, Bettina and Steele-Dunne, Susan C.},
  journal={Water Resources Research},
  pages={W09525},
  volume={46},
  year={2010}
}

@article{schar04,
  title={The role of increasing temperature variability in European summer heatwaves},
  author={Sch{\"a}r, C. and Vidale, P.L. and L{\"u}thi, D. and Frei, C. and H{\"a}berli, C. and Liniger, M.A. and Appenzeller, C.},
  journal={Nature},
  volume={427},
  number={6972},
  pages={332--336},
  year={2004},
  publisher={Nature Publishing Group}
}

@article{hirschi11,
  title={Observational evidence for soil-moisture impact on hot extremes in southeastern Europe},
  author={Hirschi, M. and Seneviratne, S.I. and Alexandrov, V. and Boberg, F. and Boroneant, C. and Christensen, O.B. and Formayer, H. and Orlowsky, B. and Stepanek, P.},
  journal={Nature Geoscience},
  volume={4},
  number={1},
  pages={17--21},
  year={2010},
  publisher={Nature Publishing Group}
}

@article{battisti09,
  title={Historical warnings of future food insecurity with unprecedented seasonal heat},
  author={Battisti, David S and Naylor, Rosamond L},
  journal={Science},
  volume={323},
  number={5911},
  pages={240--244},
  year={2009},
  publisher={American Association for the Advancement of Science}
}

@article{bonan08,
  title={Forests and climate change: forcings, feedbacks, and the climate benefits of forests},
  author={Bonan, G.B.},
  journal={Science},
  volume={320},
  number={5882},
  pages={1444--1449},
  year={2008},
  publisher={American Association for the Advancement of Science}
}

@article{moorcroft06,
  title={How close are we to a predictive science of the biosphere?},
  author={Moorcroft, P.R.},
  journal={Trends in Ecology \& Evolution},
  volume={21},
  number={7},
  pages={400--407},
  year={2006},
  publisher={Elsevier}
}

@article{vidale07,
  title={European summer climate variability in a heterogeneous multi-model ensemble},
  author={Vidale, PL and L{\"u}thi, D. and Wegmann, R. and Sch{\"a}r, C.},
  journal={Climatic Change},
  volume={81},
  pages={209--232},
  year={2007},
  publisher={Springer}
}

@article{weish05,
  title={Changing frequency of occurrence of extreme seasonal temperatures under global warming},
  author={Weisheimer, A. and Palmer, TN},
  journal={Geophysical research letters},
  volume={32},
  number={20},
  pages={L20721},
  year={2005},
  publisher={American Geophysical Union}
}

@article{dirmeyer06,
  title={Do global models properly represent the feedback between land and atmosphere?},
  author={Dirmeyer, Paul A and Koster, Randal D and Guo, Zhichang},
  journal={Journal of Hydrometeorology},
  volume={7},
  number={6},
  pages={1177--1198},
  year={2006}
}

@article{dominguez06,
  title={Impact of atmospheric moisture storage on precipitation recycling},
  author={Dominguez, Francina and Kumar, Praveen and Liang, Xin-Zhong and Ting, Mingfang},
  journal={Journal of climate},
  volume={19},
  number={8},
  pages={1513--1530},
  year={2006}
}

@article{fischer07,
  title={Soil moisture-atmosphere interactions during the 2003 European summer heat wave},
  author={Fischer, Erich M and Seneviratne, SI and Vidale, PL and L{\"u}thi, D and Sch{\"a}r, Christoph},
  journal={Journal of Climate},
  volume={20},
  number={20},
  pages={5081--5099},
  year={2007}
}

@article{dodorico04,
  title={Preferential states in soil moisture and climate dynamics},
  author={D'Odorico, Paolo and Porporato, Amilcare},
  journal={Proceedings of the National Academy of Sciences of the United States of America},
  volume={101},
  number={24},
  pages={8848--8851},
  year={2004},
  publisher={National Acad Sciences}
}

@article{jaeger11,
  title={Impact of soil moisture--atmosphere coupling on European climate extremes and trends in a regional climate model},
  author={Jaeger, EB and Seneviratne, SI},
  journal={Climate dynamics},
  volume={36},
  number={9-10},
  pages={1919--1939},
  year={2011},
  publisher={Springer}
}

@article{taylor12,
  title={Afternoon rain more likely over drier soils},
  author={Taylor, Christopher M and de Jeu, Richard AM and Guichard, Fran{\c{c}}oise and Harris, Phil P and Dorigo, Wouter A},
  journal={Nature},
  volume={489},
  number={7416},
  pages={423--426},
  year={2012},
  publisher={Nature Publishing Group}
}

@article{li05,
  title={Evaluation of reanalysis soil moisture simulations using updated Chinese soil moisture observations},
  author={Li, Haibin and Robock, Alan and Liu, Suxia and Mo, Xingguo and Viterbo, Pedro},
  journal={Journal of Hydrometeorology},
  volume={6},
  number={2},
  pages={180--193},
  year={2005}
}

@article{oglesby02,
  Author = {Oglesby, R. J. and Marshall, S. and Erickson, D. J. and Roads, J. O.  and Robertson, F. R.},
  Journal = {Journal of Geophysical Research-Atmospheres},
  Number = {D14},
  Title = {Thresholds in atmosphere-soil moisture interactions: Results from climate model studies},
  Volume = {107},
  Year = {2002}
}

@article{jimenez11,
  title={Global intercomparison of 12 land surface heat flux estimates},
  author={Jim{\'e}nez, Carlos and Prigent, C and Mueller, B and Seneviratne, SI and McCabe, MF and Wood, EF and Rossow, WB and Balsamo, G and Betts, AK and Dirmeyer, PA and others},
  journal={Journal of Geophysical Research: Atmospheres (1984--2012)},
  volume={116},
  number={D2},
  year={2011}
}

@article{betts03,
  title={Evaluation of the ERA-40 surface water budget and surface temperature for the Mackenzie River basin},
  author={Betts, Alan K and Ball, John H and Viterbo, Pedro},
  journal={Journal of Hydrometeorology},
  volume={4},
  number={6},
  pages={1194--1211},
  year={2003}
}

@article{betts06,
  title={Assessing land-surface-atmosphere coupling in the ERA-40 reanalysis with boreal forest data},
  author={Betts, Alan K and Ball, John H and Barr, Alan G and Black, T Andy and McCaughey, J Harry and Viterbo, Pedro},
  journal={Agricultural and Forest Meteorology},
  volume={140},
  number={1},
  pages={365--382},
  year={2006},
  publisher={Elsevier}
}

@article{roads02,
  title={CSE water and energy budgets in the NCEP-DOE Reanalysis II},
  author={Roads, J and Kanamitsu, M and Stewart, R},
  journal={Journal of Hydrometeorology},
  volume={3},
  number={3},
  pages={227--248},
  year={2002}
}

@article{decker12,
  title={Evaluation of the reanalysis products from GSFC, NCEP, and ECMWF using flux tower observations},
  author={Decker, Mark and Brunke, Michael A and Wang, Zhuo and Sakaguchi, Koichi and Zeng, Xubin and Bosilovich, Michael G},
  journal={Journal of Climate},
  volume={25},
  number={6},
  pages={1916--1944},
  year={2012}
}

@article{qian06,
  title={Simulation of global land surface conditions from 1948 to 2004. Part I: Forcing data and evaluations},
  author={Qian, Taotao and Dai, Aiguo and Trenberth, Kevin E and Oleson, Keith W},
  journal={Journal of Hydrometeorology},
  volume={7},
  number={5},
  pages={953--975},
  year={2006}
}

@article{su06,
  title={Evaluation of surface water fluxes of the pan-Arctic land region with a land surface model and ERA-40 reanalysis},
  author={Su, Fengge and Adam, Jennifer C and Trenberth, Kevin E and Lettenmaier, Dennis P},
  journal={Journal of Geophysical Research: Atmospheres (1984--2012)},
  volume={111},
  number={D5},
  year={2006},
  publisher={Wiley Online Library}
}

@article{jasechko13,
  title={Terrestrial water fluxes dominated by transpiration},
  author={Jasechko, Scott and Sharp, Zachary D and Gibson, John J and Birks, S Jean and Yi, Yi and Fawcett, Peter J},
  journal={Nature},
  year={2013},
  publisher={Nature Publishing Group}
}

@article{nemani03,
  author={Nemani, R. R. and Keeling, C. D. and Hashimoto, H. and Jolly, W. M. and Piper, S. C. and Tucker, C. J. and Myneni, R. B. and Running, S. W.},
  journal={Science},
  number={5625},
  pages={1560-1563},
  title={Climate-driven increases in global terrestrial net primary production from 1982 to 1999},
  volume={300},
  year={2003}
}

@article{douville00,
  title={Evaluation of the optimum interpolation and nudging techniques for soil moisture analysis using FIFE data},
  author={Douville, Herv{\'e} and Viterbo, Pedro and Mahfouf, Jean-Francois and Beljaars, Anton CM},
  journal={Monthly Weather Review},
  volume={128},
  number={6},
  pages={1733--1756},
  year={2000}
}

@article{lu05,
  title={Evaluation of soil moisture in the NCEP-NCAR and NCEP-DOE global reanalyses},
  author={Lu, Cheng-Hsuan and Kanamitsu, Masao and Roads, John O and Ebisuzaki, Wesley and Mitchell, Kenneth E and Lohmann, Dag},
  journal={Journal of Hydrometeorology},
  volume={6},
  number={4},
  pages={391--408},
  year={2005}
}

@article{collins06,
  title={The community climate system model version 3 (CCSM3)},
  author={Collins, William D and Bitz, Cecilia M and Blackmon, Maurice L and Bonan, Gordon B and Bretherton, Christopher S and Carton, James A and Chang, Ping and Doney, Scott C and Hack, James J and Henderson, Thomas B and others},
  journal={Journal of Climate},
  volume={19},
  number={11},
  pages={2122--2143},
  year={2006}
}

@article{johns06,
  title={The new Hadley Centre climate model (HadGEM1): Evaluation of coupled simulations},
  author={Johns, TC and Durman, CF and Banks, HT and Roberts, MJ and McLaren, AJ and Ridley, JK and Senior, CA and Williams, KD and Jones, A and Rickard, GJ and others},
  journal={Journal of Climate},
  volume={19},
  number={7},
  pages={1327--1353},
  year={2006}
}

@techreport{clm3, 
  title={Technical Description of the Community Land Model (CLM)}, 
  author={Keith Oleson and Yongjiu Dai and Gordon Bonan and Mike Bosilovichm and Robert Dickinson and Paul Dirmeyer and Forrest Hoffman and Paul Houser and Samuel Levis and Guo-Yue Niu and Peter Thornton and Mariana Vertenstein and Zong- Liang Yang and Xubin Zeng},
  series={NCAR Technical Note},
  publisher={University Corporation for Atmospheric Research},
  year={2004},
  copyright={Copyright 2004 Author. All rights reserved. The user is granted the right to use this resource for non-commerical, non-profit research, or educational purposes only, as are more fully described in the UCAR Terms of Use.},
  url={http://nldr.library.ucar.edu/repository/collections/TECH-NOTE-000-000-000-537},
}

@techreport{moses2,
  title={MOSES 2.2 technical documentation},
  author={Essery, Richard and Best, Martin and Cox, Peter},
  year={2001},
  institution={Hadley Centre Technical Note}
}

@article{kanamitsu02,
  title={Ncep-doe amip-ii reanalysis (r-2)},
  author={Kanamitsu, Masao and Ebisuzaki, Wesley and Woollen, Jack and Yang, Shi-Keng and Hnilo, JJ and Fiorino, M and Potter, GL},
  journal={Bulletin of the American Meteorological Society},
  volume={83},
  number={11},
  pages={1631--1643},
  year={2002}
}

@article{ek03,
  title={Implementation of Noah land surface model advances in the National Centers for Environmental Prediction operational mesoscale Eta model},
  author={Ek, MB and Mitchell, KE and Lin, Y and Rogers, E and Grunmann, P and Koren, V and Gayno, G and Tarpley, JD},
  journal={Journal of Geophysical Research: Atmospheres (1984--2012)},
  volume={108},
  number={D22},
  year={2003}
}

@article{uppala05,
  title={The ERA-40 re-analysis},
  author={Uppala, Sakari M and K{\aa}llberg, PW and Simmons, AJ and Andrae, U and Bechtold, V and Fiorino, M and Gibson, JK and Haseler, J and Hernandez, A and Kelly, GA and others},
  journal={Quarterly Journal of the Royal Meteorological Society},
  volume={131},
  number={612},
  pages={2961--3012},
  year={2005},
  publisher={Wiley Online Library}
}

@book{vandenhurk00,
  title={Offline validation of the ERA40 surface scheme},
  author={van den Hurk, Bart JJM and Viterbo, P and Beljaars, ACM and Betts, AK},
  year={2000},
  publisher={European Centre for Medium-Range Weather Forecasts}
}
